@article{951496,
author = {Witten, B and Landwehr, C and Caloyannides, M},
doi = {10.1109/52.951496},
journal = {IEEE Software},
keywords = {security of data;computer software;open source software;system security;code bases;information infrastructure;distributed denial of service attacks;Internet;computer virus;source code access;Cryptography;Image reconstruction;Information security;National security;Economic indicators;Economic forecasting;Computer crime;Degradation;Web and internet services;Aggregates},
number = {5},
pages = {57--61},
title = {{Does open source improve system security?}},
volume = {18},
year = {2001}
}
